<record><leader>00000cas a22000007a 4500</leader><controlfield tag="001">31946615</controlfield><controlfield tag="008">950207d18661874vaudn ne      0    0eng d</controlfield><datafield ind1=" " ind2=" " tag="010"><subfield code="a">sn 95068716 </subfield></datafield><datafield ind1=" " ind2=" " tag="040"><subfield code="a">MGN</subfield><subfield code="b">eng</subfield><subfield code="c">MGN</subfield><subfield code="d">NVK</subfield><subfield code="d">OCLCQ</subfield><subfield code="d">OCLCF</subfield><subfield code="d">OCLCO</subfield></datafield><datafield ind1=" " ind2=" " tag="042"><subfield code="a">msc</subfield></datafield><datafield ind1=" " ind2=" " tag="043"><subfield code="a">n-us-va</subfield></datafield><datafield ind1="0" ind2=" " tag="130"><subfield code="a">Norfolk journal (Norfolk, Va. : 1866 : Daily)</subfield></datafield><datafield ind1="1" ind2="0" tag="245"><subfield code="a">Norfolk journal.</subfield></datafield><datafield ind1=" " ind2=" " tag="260"><subfield code="a">Norfolk, Va. :</subfield><subfield code="b">Norfolk Printing-House Co.,</subfield><subfield code="c">1866-</subfield></datafield><datafield ind1=" " ind2=" " tag="300"><subfield code="a">v.</subfield></datafield><datafield ind1=" " ind2=" " tag="310"><subfield code="a">Daily (except Sun.)</subfield></datafield><datafield ind1="0" ind2=" " tag="362"><subfield code="a">Vol. 1, no. 1 (Dec. 4, 1866)-</subfield></datafield><datafield ind1=" " ind2=" " tag="500"><subfield code="a">Issued also in triweekly and weekly editions.</subfield></datafield><datafield ind1=" " ind2="0" tag="651"><subfield code="a">Norfolk (Va.)</subfield><subfield code="v">Newspapers.</subfield></datafield><datafield ind1=" " ind2="7" tag="655"><subfield code="a">Newspapers.</subfield><subfield code="2">fast</subfield><subfield code="0">(OCoLC)fst01423814</subfield></datafield><datafield ind1=" " ind2="7" tag="651"><subfield code="a">Virginia</subfield><subfield code="z">Norfolk.</subfield><subfield code="2">fast</subfield><subfield code="0">(OCoLC)fst01206844</subfield></datafield><datafield ind1=" " ind2=" " tag="752"><subfield code="a">United States</subfield><subfield code="b">Virginia</subfield><subfield code="d">Norfolk.</subfield></datafield><datafield ind1="0" ind2=" " tag="775"><subfield code="t">Norfolk journal (Norfolk, Va. : 1866 : Triweekly)</subfield><subfield code="w">(DLC)sn 85034383</subfield></datafield><datafield ind1="0" ind2=" " tag="775"><subfield code="t">Norfolk journal (Norfolk, Va. : 1866 : Weekly)</subfield><subfield code="w">(DLC)sn 95079253</subfield></datafield><datafield ind1="0" ind2="0" tag="780"><subfield code="t">Norfolk journal of commerce (Norfolk, Va. : 1866)</subfield><subfield code="w">(DLC)sn 95068730</subfield></datafield><datafield ind1="0" ind2="4" tag="785"><subfield code="t">Norfolk landmark (Norfolk, Va. : 1873 : Daily)</subfield><subfield code="w">(DLC)sn 84024639</subfield></datafield></record>